@article{gregor2015draw,
  title={DRAW: A recurrent neural network for image generation},
  author={Gregor, Karol and Danihelka, Ivo and Graves, Alex and Rezende, Danilo Jimenez and Wierstra, Daan},
<<<<<<< HEAD
  journal={arXivreprint arXiv:1502.04623},
=======
  journal={arXiv preprint, arXiv:1502.04623},
>>>>>>> bdba72f (Initial commit)
  year={2015},
  url={https://arxiv.org/pdf/1502.04623.pdf}
}
